@article{weinberger2009distance,
  title={Distance metric learning for large margin nearest neighbor classification},
  author={Weinberger, Kilian Q and Saul, Lawrence K},
  journal={The Journal of Machine Learning Research},
  volume={10},
  pages={207--244},
  year={2009},
  publisher={JMLR. org}
}

@article{csanyi2004learn,
  title={“Learn on the fly”: a hybrid classical and quantum-mechanical molecular dynamics simulation},
  author={Cs{\'a}nyi, Gabor and Albaret, T and Payne, MC and De Vita, A},
  journal={Physical review letters},
  volume={93},
  number={17},
  pages={175503},
  year={2004},
  publisher={APS}
}

@article{moras2006novel,
  title={A novel molecular dynamics approach to large semiconductor systems},
  author={Moras, G and Csanyi, G and Payne, MC and De Vita, A},
  journal={Physica B: Condensed Matter},
  volume={376},
  pages={936--939},
  year={2006},
  publisher={Elsevier}
}

@article{li2015molecular,
  title={Molecular dynamics with on-the-fly machine learning of quantum-mechanical forces},
  author={Li, Zhenwei and Kermode, James R and De Vita, Alessandro},
  journal={Physical review letters},
  volume={114},
  number={9},
  pages={096405},
  year={2015},
  publisher={APS}
}

@article{thompson2014snap,
  title={SNAP: Automated generation of quantum-accurate interatomic potentials},
  author={Thompson, AP and Swiler, LP and Trott, CR and Foiles, SM and Tucker, GJ},
  journal={Journal of Computational Physics},
  year={2014},
  publisher={Elsevier}
}

@article{daw1984embedded,
  title={Embedded-atom method: Derivation and application to impurities, surfaces, and other defects in metals},
  author={Daw, Murray S and Baskes, Michael I},
  journal={Physical Review B},
  volume={29},
  number={12},
  pages={6443},
  year={1984},
  publisher={APS}
}

@incollection{kaufman1987clustering,
  title={Clustering by means of medoids},
  booktitle="Statistical Data Analysis based on L1 Norm", 
  pages="405-416",
  editor="Y. Dodge",
  author={Kaufman, L and Rousseeuw, PJ},
  year={1987},
  publisher={Elsevier/North-Holland}
}

@inproceedings{macqueen1967,
author = "MacQueen, J.",
title = "Some methods for classification and analysis of multivariate observations",
booktitle = "Proceedings of the Fifth Berkeley Symposium on Mathematical Statistics and Probability, Volume 1: Statistics",
address = "Berkeley, Calif.",
publisher = "University of California Press",
pages = "281--297",
year = "1967"
}

@article{mazur1960poincare,
  title={Poincar{\'e} cycles, ergodicity, and irreversibility in assemblies of coupled harmonic oscillators},
  author={Mazur, Peter and Montroll, Elliott},
  journal={Journal of mathematical physics},
  volume={1},
  number={1},
  pages={70--84},
  year={1960},
  publisher={AIP Publishing}
}

@article{saito1970computer,
  title={Computer experiments on ergodic problems in anharmonic lattice vibrations},
  author={Sait{\^o}, Nobuhiko and Ooyama, Naotake and Aizawa, Y{\^o}ji and Hirooka, Hajime},
  journal={Progress of Theoretical Physics Supplement},
  volume={45},
  pages={209--230},
  year={1970},
  publisher={Oxford University Press}
}

@article{hoover1988reversible,
  title={Reversible mechanics and time’s arrow},
  author={Hoover, William G},
  journal={Physical Review A},
  volume={37},
  number={1},
  pages={252},
  year={1988},
  publisher={APS}
}

@book{leskovec2014mining,
  title={Mining of massive datasets},
  author={Leskovec, Jure and Rajaraman, Anand and Ullman, Jeffrey David},
  year={2014},
  publisher={Cambridge University Press}
}


@article{ischtwan1994molecular,
  title={Molecular potential energy surfaces by interpolation},
  author={Ischtwan, Josef and Collins, Michael A},
  journal={The Journal of chemical physics},
  volume={100},
  number={11},
  pages={8080--8088},
  year={1994},
  publisher={AIP Publishing}
}

@article{lin2002pulay,
  title={Pulay forces in density functional theory for periodic and molecular systems},
  author={Lin, Zijing},
  journal={Physics Letters A},
  volume={299},
  number={4},
  pages={413--417},
  year={2002},
  publisher={Elsevier}
}

@book{turlach1993bandwidth,
  title={Bandwidth selection in kernel density estimation: A review},
  author={Turlach, Berwin A},
  year={1993},
  publisher={Universit{\'e} catholique de Louvain}
}

@article{hardle1985optimal,
  title={Optimal bandwidth selection in nonparametric regression function estimation},
  author={Hardle, Wolfgang and Marron, James Stephen},
  journal={The Annals of Statistics},
  pages={1465--1481},
  year={1985},
  publisher={JSTOR}
}

@inproceedings{raykar2006fast,
  title={Fast optimal bandwidth selection for kernel density estimation.},
  author={Raykar, Vikas C and Duraiswami, Ramani},
  booktitle={SDM},
  pages={524--528},
  year={2006},
  organization={SIAM}
}

@article{hall1991optimal,
  title={On optimal data-based bandwidth selection in kernel density estimation},
  author={Hall, Peter and Sheather, Simon J and Jones, MC and Marron, JS},
  journal={Biometrika},
  volume={78},
  number={2},
  pages={263--269},
  year={1991},
  publisher={Biometrika Trust}
}

@article{jones1996brief,
  title={A brief survey of bandwidth selection for density estimation},
  author={Jones, M Chris and Marron, James S and Sheather, Simon J},
  journal={Journal of the American Statistical Association},
  volume={91},
  number={433},
  pages={401--407},
  year={1996},
  publisher={Taylor \& Francis Group}
}

@article{kaufmann1989single,
  author={K Kaufmann and W Baumeister},
  title={Single-centre expansion of Gaussian basis functions and the angular decomposition of their overlap integrals},
  journal={Journal of Physics B: Atomic, Molecular and Optical Physics},
  volume={22},
  number={1},
  pages={1},
  year={1989}
}

@article{admal2010unified,
  title={A unified interpretation of stress in molecular systems},
  author={Admal, Nikhil Chandra and Tadmor, Ellad B},
  journal={Journal of Elasticity},
  volume={100},
  number={1-2},
  pages={63--143},
  year={2010},
  publisher={Springer}
}

@article{admal2011stress,
  title={Stress and heat flux for arbitrary multibody potentials: A unified framework},
  author={Admal, Nikhil Chandra and Tadmor, EB},
  journal={The Journal of chemical physics},
  volume={134},
  number={18},
  pages={184106},
  year={2011},
  publisher={AIP Publishing}
}

@article{martin1975many,
  title={Many-body forces in solids and the {B}rugger elastic constants. {II}. Inner elastic constants},
  author={Martin, JW},
  journal={Journal of Physics C: Solid State Physics},
  volume={8},
  number={18},
  pages={2858},
  year={1975},
  publisher={IOP Publishing}
}

@article{sistla2005identification,
  title={Identification of domains and domain interface residues in multidomain proteins from graph spectral method},
  author={Sistla, Ramesh K and KV, Brinda and Vishveshwara, Saraswathi},
  journal={Proteins: Structure, Function, and Bioinformatics},
  volume={59},
  number={3},
  pages={616--626},
  year={2005},
  publisher={Wiley Online Library}
}


@article{kannan1999identification,
  title={Identification of side-chain clusters in protein structures by a graph spectral method},
  author={Kannan, N and Vishveshwara, S},
  journal={Journal of molecular biology},
  volume={292},
  number={2},
  pages={441--464},
  year={1999},
  publisher={Elsevier}
}

@article{vishveshwara2002protein,
  title={Protein structure: insights from graph theory},
  author={Vishveshwara, Saraswathi and Brinda, KV and Kannan, N},
  journal={Journal of Theoretical and Computational Chemistry},
  volume={1},
  number={01},
  pages={187--211},
  year={2002},
  publisher={World Scientific}
}

@article{krishnadev2005graph,
  title={A graph spectral analysis of the structural similarity network of protein chains},
  author={Krishnadev, O and Brinda, KV and Vishveshwara, Saraswathi},
  journal={PROTEINS: Structure, Function, and Bioinformatics},
  volume={61},
  number={1},
  pages={152--163},
  year={2005},
  publisher={Wiley Online Library}
}

@book{gutman1973graph,
  title={Graph theory and molecular orbitals},
  author={Gutman, Ivan and Trinajsti{\'c}, Nenad},
  year={1973},
  publisher={Springer}
}

@book{Kohanoff2006,
  title={Electronic structure calculations for solids and molecules},
  author={Kohanoff, Jorge},
  year={2006},
  publisher={Cambridge University Press}
}

@article{Gunaratne1995,
  title={An invariant measure of disorder in patterns},
  author={Gunaratne, Gemunu H and Jones, Ronald E and Ouyang, Qi and Swinney, Harry L},
  journal={Physical review letters},
  volume={75},
  number={18},
  pages={3281},
  year={1995},
  publisher={APS}
}


@article{Sanchez1993,
  title={Cluster expansions and the configurational energy of alloys},
  author={Sanchez, JM},
  journal={Physical review B},
  volume={48},
  number={18},
  pages={14013},
  year={1993},
  publisher={APS}
}

@incollection{deFontaine1989,
  title={The cluster variation method and the calculation of alloy phase diagrams},
  author={de Fontaine, D},
  booktitle={Alloy Phase Stability},
  pages={177--203},
  year={1989},
  publisher={Springer}
}

@article{Asta1991,
  title={Effective cluster interactions from cluster-variation formalism. I},
  author={Asta, M and Wolverton, C and De Fontaine, D and Dreyss{\'e}, H},
  journal={Physical Review B},
  volume={44},
  number={10},
  pages={4907},
  year={1991},
  publisher={APS}
}

@article{Wolverton1991,
  title={Effective cluster interactions from cluster-variation formalism. II},
  author={Wolverton, C and Asta, M and Dreyss{\'e}, H and De Fontaine, D},
  journal={Physical Review B},
  volume={44},
  number={10},
  pages={4914},
  year={1991},
  publisher={APS}
}


@book{Buhmann2003,
  title={Radial basis functions: theory and implementations},
  author={Buhmann, Martin Dietrich},
  volume={12},
  year={2003},
  publisher={Cambridge university press}
}

@book{Press2007,
  title={Numerical recipes 3rd edition: The art of scientific computing},
  author={Press, William H},
  year={2007},
  publisher={Cambridge university press}
}


@article{sadeghi2013metrics,
  title={Metrics for measuring distances in configuration spaces},
  author={Sadeghi, Ali and Ghasemi, S Alireza and Schaefer, Bastian and Mohr, Stephan and Lill, Markus A and Goedecker, Stefan},
  journal={The Journal of chemical physics},
  volume={139},
  number={18},
  pages={184118},
  year={2013},
  publisher={AIP Publishing}
}


@article{Baudet2012,
  title={Sampling solution traces for the problem of sorting permutations by signed reversals.},
  author={Baudet, Christian and Dias, Zanoni and Sagot, Marie-France},
  journal={Algorithms for Molecular Biology},
  volume={7},
  number={1},
  year={2012}
}

@article{Pettifor1989,
  title={New many-body potential for the bond order},
  author={Pettifor, DG},
  journal={Physical review letters},
  volume={63},
  number={22},
  pages={2480},
  year={1989},
  publisher={APS}
}

@article{Horsfield1996,
  title={Bond-order potentials: Theory and implementation},
  author={Horsfield, AP and Bratkovsky, AM and Fearn, M and Pettifor, DG and Aoki, M},
  journal={Physical Review B},
  volume={53},
  number={19},
  pages={12694},
  year={1996},
  publisher={APS}
}

@article{Pettifor2004,
  title={Analytic bond-order potentials for multicomponent systems},
  author={Pettifor, DG and Finnis, MW and Nguyen-Manh, D and Murdick, DA and Zhou, XW and Wadley, HNG},
  journal={Materials Science and Engineering: A},
  volume={365},
  number={1},
  pages={2--13},
  year={2004},
  publisher={Elsevier}
}

@article{Tersoff1989,
  title={Modeling solid-state chemistry: Interatomic potentials for multicomponent systems},
  author={Tersoff, J},
  journal={Physical Review B},
  volume={39},
  number={8},
  pages={5566--5568},
  year={1989}
}

@article{Tersoff1988,
  title={Empirical interatomic potential for carbon, with applications to amorphous carbon},
  author={Tersoff, J},
  journal={Physical Review Letters},
  volume={61},
  number={25},
  pages={2879},
  year={1988},
  publisher={APS}
}


@article{Brenner2002,
  title={A second-generation reactive empirical bond order ({REBO}) potential energy expression for hydrocarbons},
  author={Brenner, Donald W and Shenderova, Olga A and Harrison, Judith A and Stuart, Steven J and Ni, Boris and Sinnott, Susan B},
  journal={Journal of Physics: Condensed Matter},
  volume={14},
  number={4},
  pages={783},
  year={2002},
  publisher={IOP Publishing}
}



@article{Marx2000,
  title={{\it Ab initio} molecular dynamics: Theory and implementation},
  author={Marx, Dominik and Hutter, Jurg},
  journal={Modern methods and algorithms of quantum chemistry},
  volume={1},
  pages={301--449},
  year={2000},
  publisher={NIC Series}
}

@article{Kuhne2013,
  title={Second generation {Car--Parrinello} molecular dynamics},
  author={K{\"u}hne, Thomas D},
  journal={Wiley Interdisciplinary Reviews: Computational Molecular Science},
  year={2013},
  publisher={Wiley Online Library}
}

@article{Hung2012,
  title={Accelerated protein structure comparison using {TM-score-GPU}},
  author={Hung, Ling-Hong and Samudrala, Ram},
  journal={Bioinformatics},
  volume={28},
  number={16},
  pages={2191--2192},
  year={2012},
  publisher={Oxford Univ Press}
}

@article{Carugo2007,
  title={Statistical validation of the root-mean-square-distance, a measure of protein structural proximity},
  author={Carugo, Oliviero},
  journal={Protein Engineering Design and Selection},
  volume={20},
  number={1},
  pages={33--37},
  year={2007},
  publisher={Oxford Univ Press}
}

@article{Levitt1998,
  title={A unified statistical framework for sequence comparison and structure comparison},
  author={Levitt, Michael and Gerstein, Mark},
  journal={Proceedings of the National Academy of sciences},
  volume={95},
  number={11},
  pages={5913--5920},
  year={1998},
  publisher={National Acad Sciences}
}

@article{De2013,
  title={Glassy clusters: Relations between their dynamics and characteristic features of their energy landscape},
  author={De, Sandip and Schaefer, Bastian and Sadeghi, Ali and Sicher, Michael and Kanhere, DG and Goedecker, Stefan},
  journal={arXiv preprint arXiv:1311.4471},
  year={2013}
}

@article{de2014relation,
  title={Relation between the Dynamics of Glassy Clusters and Characteristic Features of their Energy Landscape},
  author={De, Sandip and Schaefer, Bastian and Sadeghi, Ali and Sicher, Michael and Kanhere, DG and Goedecker, Stefan},
  journal={Physical Review Letters},
  volume={112},
  number={8},
  pages={083401},
  year={2014},
  publisher={APS}
}


@article{Lindorff2009,
  title={Similarity measures for protein ensembles},
  author={Lindorff-Larsen, Kresten and Ferkinghoff-Borg, Jesper},
  journal={{PLoS One}},
  volume={4},
  number={1},
  pages={e4203},
  year={2009},
  publisher={Public Library of Science}
}

@article{Steipe2002,
  title={A revised proof of the metric properties of optimally superimposed vector sets},
  author={Steipe, Boris},
  journal={Acta Crystallographica Section {A}: {F}oundations of Crystallography},
  volume={58},
  number={5},
  pages={506--506},
  year={2002},
  publisher={International Union of Crystallography}
}


@article{Wahba1965,
  title={A least squares estimate of satellite attitude},
  author={Wahba, Grace},
  journal={SIAM review},
  volume={7},
  number={3},
  pages={409--409},
  year={1965},
  publisher={SIAM}
}

@article{Bartok_PhysRevB_2013,
  title={On representing chemical environments},
  author={Bart{\'o}k, Albert P and Kondor, Risi and Cs{\'a}nyi, G{\'a}bor},
  journal={Physical Review B},
  volume={87},
  number={18},
  pages={184115},
  year={2013},
  publisher={APS}
}

@book{BiedenharnLouck,
  title={Angular Momentum in Quantum Physics: Theory and Application, Encyclopedia of Mathematics and its Applications},
  author={Biedenharn, LC and Louck, James D},
  year={1981},
  publisher={Addison-Wesley, Englewood Cliffs}
}


@article{Liu2010,
  title={Fast determination of the optimal rotational matrix for macromolecular superpositions},
  author={Liu, Pu and Agrafiotis, Dimitris K and Theobald, Douglas L},
  journal={Journal of computational chemistry},
  volume={31},
  number={7},
  pages={1561--1563},
  year={2010},
  publisher={Wiley Online Library}
}

@article{Hong2007,
  title={RMSD computation for clusters of identical particles},
  author={Hong, Eun-Jong and Lee, Kyu-Hwan and Wenzel, Wolfgang},
  journal="International Journal of Biology and Biomedical Engineering",
  volume="1",
  pages={46--48},
  year="2007"
}

@article{Sadeghi2013,
  title={Metrics for measuring distances in configuration spaces},
  author={Sadeghi, Ali and Ghasemi, S Alireza and Lill, Markus A and Goedecker, Stefan},
  journal={arXiv preprint arXiv:1302.2322},
  year={2013}
}

@inproceedings{Drineas2006,
  title={Distance matrix reconstruction from incomplete distance information for sensor network localization},
  author={Drineas, Petros and Javed, Asif and Magdon-Ismail, Malik and Pandurangant, G and Virrankoski, Reino and Savvides, Andreas},
  booktitle={Sensor and Ad Hoc Communications and Networks, 2006. SECON'06. 2006 3rd Annual IEEE Communications Society on},
  volume={2},
  pages={536--544},
  year={2006},
  organization={IEEE}
}

@article{Bartok2010,
  title={Gaussian approximation potentials: the accuracy of quantum mechanics, without the electrons},
  author={Bart{\'o}k, Albert P and Payne, Mike C and Kondor, Risi and Cs{\'a}nyi, G{\'a}bor},
  journal={Physical review letters},
  volume={104},
  number={13},
  pages={136403},
  year={2010},
  publisher={APS}
}

@article{Barton2008,
title = "Embedded polycrystal plasticity and adaptive sampling ",
journal = "International Journal of Plasticity ",
volume = "24",
number = "2",
pages = "242 - 266",
year = "2008",
note = "",
issn = "0749-6419",
doi = "10.1016/j.ijplas.2007.03.004",
url = "http://www.sciencedirect.com/science/article/pii/S0749641907000423",
author = "Nathan R. Barton and Jaroslaw Knap and Athanasios Arsenlis and Richard Becker and Richard D. Hornung and David R. Jefferson",
}

@article{Pope1997,
author = {Pope,   S.B.},
title = {Computationally efficient implementation of combustion chemistry using {\it in situ} adaptive tabulation},
journal = {Combustion Theory and Modelling},
volume = {1},
number = {1},
pages = {41-63},
year = {1997}
}


@article{Arsenlis2006,
  title={Generalized {\it in situ} adaptive tabulation for constitutive model evaluation in plasticity},
  author={Arsenlis, A and Barton, NR and Becker, R and Rudd, RE},
  journal={Computer methods in applied mechanics and engineering},
  volume={196},
  number={1},
  pages={1--13},
  year={2006},
  publisher={Elsevier}
}

@article{Kabsch1976,
author = "Kabsch, W.",
title = "{A solution for the best rotation to relate two sets of vectors}",
journal = "Acta Crystallographica Section A",
year = "1976",
volume = "32",
number = "5",
pages = "922--923"
}

@article{Fogolari2012,
  title={Fast structure similarity searches among protein models: efficient clustering of protein fragments},
  author={Fogolari, Federico and Corazza, Alessandra and Viglino, Paolo and Esposito, Gennaro},
  journal={Algorithms for Molecular Biology: AMB},
  volume={7},
  pages={16},
  year={2012}
}
